@article{borgatti1997network,
  title={Network analysis of 2-mode data},
  author={Borgatti, Stephen P and Everett, Martin G},
  journal={Social networks},
  volume={19},
  number={3},
  pages={243--269},
  year={1997},
  publisher={Elsevier}
}

@article{bonacich1972factoring,
  title={Factoring and weighting approaches to status scores and clique identification},
  author={Bonacich, Phillip},
  journal={Journal of mathematical sociology},
  volume={2},
  number={1},
  pages={113--120},
  year={1972},
  publisher={Taylor \& Francis}
}

@article{brin1998anatomy,
  title={The anatomy of a large-scale hypertextual web search engine},
  author={Brin, Sergey and Page, Lawrence},
  journal={Computer networks and ISDN systems},
  volume={30},
  number={1-7},
  pages={107--117},
  year={1998},
  publisher={Elsevier}
}

@article{hidalgo2021economic,
  title={Economic complexity theory and applications},
  author={Hidalgo, C{\'e}sar A},
  journal={Nature Reviews Physics},
  volume={3},
  number={2},
  pages={92--113},
  year={2021},
  publisher={Nature Publishing Group UK London}
}

@article{batagelj2022analysis,
  title={Analysis of the Southern women network using fractional approach},
  author={Batagelj, Vladimir},
  journal={Social Networks},
  volume={68},
  pages={229--236},
  year={2022},
  publisher={Elsevier}
}

@article{field2006identifying,
  title={Identifying positions from affiliation networks: Preserving the duality of people and events},
  author={Field, Sam and Frank, Kenneth A and Schiller, Kathryn and Riegle-Crumb, Catherine and Muller, Chandra},
  journal={Social networks},
  volume={28},
  number={2},
  pages={97--123},
  year={2006},
  publisher={Elsevier}
}

@incollection{roffilli2006identifying,
  title={Identifying and classifying social groups: A machine learning approach},
  author={Roffilli, Matteo and Lomi, Alessandro},
  booktitle={Data Science and Classification},
  pages={149--157},
  year={2006},
  publisher={Springer}
}

@article{everett2013dual,
  title={The dual-projection approach for two-mode networks},
  author={Everett, Martin G and Borgatti, Stephen P},
  journal={Social networks},
  volume={35},
  number={2},
  pages={204--210},
  year={2013},
  publisher={Elsevier}
}

@book{homans1950human,
  title={The human group.},
  author={Homans, George C},
  year={1950},
  publisher={Harcourt, Brace}
}

@article{everett2016centrality,
  title={Centrality and the dual-projection approach for two-mode social network data},
  author={Everett, Martin G},
  journal={Methodological Innovations},
  volume={9},
  pages={2059799116630662},
  year={2016},
  publisher={SAGE Publications Sage UK: London, England}
}

@article{everett2018measuring,
  title={Measuring knowledge and experience in two mode temporal networks},
  author={Everett, Martin G and Broccatelli, Chiara and Borgatti, Stephen P and Koskinen, Johan},
  journal={Social Networks},
  volume={55},
  pages={63--73},
  year={2018},
  publisher={Elsevier}
}

@article{brusco2011analysis,
  title={Analysis of two-mode network data using nonnegative matrix factorization},
  author={Brusco, Michael},
  journal={Social Networks},
  volume={33},
  number={3},
  pages={201--210},
  year={2011},
  publisher={Elsevier}
}

@incollection{borgatti2014analyzing,
  title={Analyzing affiliation networks},
  author={Borgatti, Stephen P and Halgin, Daniel S},
  booktitle={The Sage handbook of social network analysis},
  editor={John Scott; Peter J. Carrington},
  publisher={Sage Publications},
  pages={417--433},
  year={2014}
}

@article{doreian1979evolution,
  title={On the evolution of group and network structure},
  author={Doreian, Patrick},
  journal={Social Networks},
  volume={2},
  number={3},
  pages={235--252},
  year={1979},
  publisher={Elsevier}
}

@article{lerner2022dynamic,
  title={A dynamic model for the mutual constitution of individuals and events},
  author={Lerner, J{\"u}rgen and Lomi, Alessandro},
  journal={Journal of Complex Networks},
  volume={10},
  number={2},
  pages={cnac004},
  year={2022},
  publisher={Oxford University Press}
}
@article{wang2009exponential,
  title={Exponential random graph models for affiliation networks},
  author={Wang, Peng and Sharpe, Ken and Robins, Garry L and Pattison, Philippa E},
  journal={Social Networks},
  volume={31},
  number={1},
  pages={12--25},
  year={2009},
  publisher={Elsevier}
}

@incollection{freeman2003finding,
  title={Finding social groups: A meta-analysis of the southern women data},
  author={Freeman, Linton C},
  year={2003},
  editor={Kathleen Carley; Philippa Pattison; Ronald Breiger},
  publisher={National Academies Press}
}

@article{mises1929praktische,
  title={Praktische Verfahren der Gleichungsaufl{\"o}sung.},
  author={Mises, RV and Pollaczek-Geiringer, Hilda},
  journal={ZAMM-Journal of Applied Mathematics and Mechanics/Zeitschrift f{\"u}r Angewandte Mathematik und Mechanik},
  volume={9},
  number={1},
  pages={58--77},
  year={1929},
  publisher={Wiley Online Library}
}

@article{bonacich_lloyd01,
  title={Eigenvector-like measures of centrality for asymmetric relations},
  author={Bonacich, Phillip and Lloyd, Paulette},
  journal={Social networks},
  volume={23},
  number={3},
  pages={191--201},
  year={2001}
}

@article{iacobucci2017eigenvector,
  title={Eigenvector centrality: Illustrations supporting the utility of extracting more than one eigenvector to obtain additional insights into networks and interdependent structures},
  author={Iacobucci, Dawn and McBride, Rebecca and Popovich, Deidre},
  journal={Journal of Social Structure},
  volume={18},
  number={2},
  pages={1--22},
  year={2017}
}

@article{roberts2000correspondence,
  title={Correspondence analysis of two-mode network data},
  author={Roberts Jr, John M},
  journal={Social Networks},
  volume={22},
  number={1},
  pages={65--72},
  year={2000},
  publisher={Elsevier}
}

@article{faust2005using,
  title={Using correspondence analysis for joint displays of affiliation networks},
  author={Faust, Katherine},
  journal={Models and methods in social network analysis},
  volume={7},
  pages={117--147},
  year={2005},
  publisher={Cambridge University Press Cambridge}
}

@article{bonacich1991simultaneous,
  title={Simultaneous group and individual centralities},
  author={Bonacich, Phillip},
  journal={Social networks},
  volume={13},
  number={2},
  pages={155--168},
  year={1991},
  publisher={Elsevier}
}

@article{van2021correspondence,
  title={Correspondence analysis, spectral clustering and graph embedding: applications to ecology and economic complexity},
  author={van Dam, Alje and Dekker, Mark and Morales-Castilla, Ignacio and Rodr{\'\i}guez, Miguel {\'A} and Wichmann, David and Baudena, Mara},
  journal={Scientific reports},
  volume={11},
  number={1},
  pages={8926},
  year={2021},
  publisher={Nature Publishing Group UK London}
}

@article{kovacs2010generalized,
  title={A generalized model of relational similarity},
  author={Kov{\'a}cs, Bal{\'a}zs},
  journal={Social Networks},
  volume={32},
  number={3},
  pages={197--211},
  year={2010},
  publisher={Elsevier}
}

@article{lizardo2024two,
  title={Two-mode relational similarities},
  author={Lizardo, Omar},
  journal={Social Networks},
  volume={76},
  pages={34--41},
  year={2024},
  publisher={Elsevier}
}
@article{mealy2019interpreting,
  title={Interpreting economic complexity},
  author={Mealy, Penny and Farmer, J Doyne and Teytelboym, Alexander},
  journal={Science advances},
  volume={5},
  number={1},
  pages={eaau1705},
  year={2019},
  publisher={American Association for the Advancement of Science}
}
@article{hidalgo2009building,
  title={The building blocks of economic complexity},
  author={Hidalgo, C{\'e}sar A and Hausmann, Ricardo},
  journal={Proceedings of the national academy of sciences},
  volume={106},
  number={26},
  pages={10570--10575},
  year={2009},
  publisher={National Acad Sciences}
}

@article{breiger1974duality,
  title={The duality of persons and groups},
  author={Breiger, Ronald L},
  journal={Social forces},
  volume={53},
  number={2},
  pages={181--190},
  year={1974},
  publisher={The University of North Carolina Press}
}

@book{fouss2016algorithms,
  title={Algorithms and models for network data and link analysis},
  author={Fouss, Fran{\c{c}}ois and Saerens, Marco and Shimbo, Masashi},
  year={2016},
  publisher={Cambridge University Press}
}

@article{katz1953new,
  title={A new status index derived from sociometric analysis},
  author={Katz, Leo},
  journal={Psychometrika},
  volume={18},
  number={1},
  pages={39--43},
  year={1953},
  publisher={Springer}
}

@article{everett1994regular,
  title={Regular equivalence: General theory},
  author={Everett, Martin G and Borgatti, Stephen P},
  journal={Journal of mathematical sociology},
  volume={19},
  number={1},
  pages={29--52},
  year={1994},
  publisher={Taylor \& Francis}
}

@inproceedings{jeh2002simrank,
  title={Simrank: a measure of structural-context similarity},
  author={Jeh, Glen and Widom, Jennifer},
  booktitle={Proceedings of the eighth ACM SIGKDD international conference on Knowledge discovery and data mining},
  pages={538--543},
  year={2002}
}

@article{leicht2006vertex,
  title={Vertex similarity in networks},
  author={Leicht, Elizabeth A and Holme, Petter and Newman, Mark EJ},
  journal={Physical Review E},
  volume={73},
  number={2},
  pages={026120},
  year={2006},
  publisher={APS}
}

@article{newman2001scientific,
  title={Scientific collaboration networks. II. Shortest paths, weighted networks, and centrality},
  author={Newman, Mark EJ},
  journal={Physical review E},
  volume={64},
  number={1},
  pages={016132},
  year={2001},
  publisher={APS}
}

@article{barabasi1999emergence,
  title={Emergence of scaling in random networks},
  author={Barab{\'a}si, Albert-L{\'a}szl{\'o} and Albert, R{\'e}ka},
  journal={science},
  volume={286},
  number={5439},
  pages={509--512},
  year={1999},
  publisher={American Association for the Advancement of Science}
}

@article{faust1997centrality,
  title={Centrality in affiliation networks},
  author={Faust, Katherine},
  journal={Social networks},
  volume={19},
  number={2},
  pages={157--191},
  year={1997},
  publisher={Elsevier}
}

@inproceedings{zha2001bipartite,
  title={Bipartite graph partitioning and data clustering},
  author={Zha, Hongyuan and He, Xiaofeng and Ding, Chris and Simon, Horst and Gu, Ming},
  booktitle={Proceedings of the tenth international conference on Information and knowledge management},
  pages={25--32},
  year={2001}
}

@article{d2014use,
  title={On the use of multiple correspondence analysis to visually explore affiliation networks},
  author={D’Esposito, Maria Rosaria and De Stefano, Domenico and Ragozini, Giancarlo},
  journal={Social Networks},
  volume={38},
  pages={28--40},
  year={2014},
  publisher={Elsevier}
}

@article{hill1973reciprocal,
  title={Reciprocal averaging: an eigenvector method of ordination},
  author={Hill, Mark O},
  journal={The Journal of Ecology},
  pages={237--249},
  year={1973},
  publisher={JSTOR}
}

@article{doreian2004generalized,
  title={Generalized blockmodeling of two-mode network data},
  author={Doreian, Patrick and Batagelj, Vladimir and Ferligoj, Anu{\v{s}}ka},
  journal={Social networks},
  volume={26},
  number={1},
  pages={29--53},
  year={2004},
  publisher={Elsevier}
}

@article{borgatti2000models,
  title={Models of core/periphery structures},
  author={Borgatti, Stephen P and Everett, Martin G},
  journal={Social networks},
  volume={21},
  number={4},
  pages={375--395},
  year={2000},
  publisher={Elsevier}
}

@article{borgatti2006graph,
  title={A graph-theoretic perspective on centrality},
  author={Borgatti, Stephen P and Everett, Martin G},
  journal={Social networks},
  volume={28},
  number={4},
  pages={466--484},
  year={2006},
  publisher={Elsevier}
}

@book{davis1941,
  title     = {Deep South: A Social Anthropological Study of Caste and Class},
  author    = {Davis, Allison and Gardner, Burleigh B and Gardner, Mary R},
  publisher = {University of Chicago Press},
  year      =  {1941},
  address   = {Chicago}
}

@article{breiger2000tool,
  title={A tool kit for practice theory},
  author={Breiger, Ronald L},
  journal={Poetics},
  volume={27},
  number={2-3},
  pages={91--115},
  year={2000},
  publisher={Elsevier}
}